@article{MarkovLogic,
	author = {Richardson, Matthew and Domingos, Pedro},
	title = {Markov Logic Networks},
	journal = {Mach. Learn.},
	issue_date = {February  2006},
	volume = {62},
	number = {1-2},
	month = feb,
	year = {2006},
	issn = {0885-6125},
	pages = {107--136},
	numpages = {30},
	url = {http://dx.doi.org/10.1007/s10994-006-5833-1},
	doi = {10.1007/s10994-006-5833-1},
	acmid = {1113910},
	publisher = {Kluwer Academic Publishers},
	address = {Hingham, MA, USA},
	keywords = {First-order logic, Graphical models, Inductive logic programming, Knowledge-based model construction, Link prediction, Log-linear models, Markov chain Monte Carlo, Markov networks, Markov random fields, Pseudo-likelihood, Satisfiability, Statistical relational learning},
} 

@misc{voc-release4,
	author = "Felzenszwalb, P. F. and Girshick, R. B. and McAllester, D.",
	title = "Discriminatively Trained Deformable Part Models, Release 4",
	howpublished = "\url{http://cs.brown.edu/~pff/latent-release4/}"
}

@ARTICLE{laptev2005,
   author = "Ivan Laptev",
   title = "On Space-Time Interest Points",
   journal = "IJCV",
   volume = 64,
   number = "2/3",
   pages = "107--123",
   year = 2005
}

@InProceedings{actionsInContext,
	author = "Marcin Marsza{\l}ek and Ivan Laptev and Cordelia Schmid",
	title = "Actions in Context",
	booktitle = "IEEE Conference on Computer Vision \& Pattern Recognition",
	year = "2009"
}

@InProceedings{Realistic,
	author       = "Ivan Laptev and Marcin Marsza{\l}ek and Cordelia Schmid and Benjamin Rozenfeld",
	title        = "Learning Realistic Human Actions from Movies",
	booktitle    = "Conference on Computer Vision \& Pattern Recognition",
	month        = "Jun",
	year         = "2008",
	keywords     = "LEAR",
	url          = "http://lear.inrialpes.fr/pubs/2008/LMSR08"
}
@inproceedings{improving,
	title={Improving Video Activity Recognition using Object Recognition and Text Mining },
	author={Tanvi S. Motwani and Raymond J. Mooney},
	booktitle={Proceedings of the 20th European Conference on Artificial Intelligence (ECAI-2012)},
	month={August},
	pages={600--605},
	url="http://www.cs.utexas.edu/users/ai-lab/?motwani:ecai12",
	year={2012}
}
@ARTICLE{Bailey,
   author = "D. H. Bailey and P. N. Swarztrauber",
   title = "The fractional {F}ourier transform and applications",
   journal = "SIAM Rev.",
   volume = 33,
   number = 3,
   pages = "389--404",
   year = 1991
   }

@ARTICLE{Bay1,
   author = "A. Bayliss and C. I. Goldstein and E. Turkel",
   title = "An iterative method for the {H}elmholtz equation",
   journal = "J. Comp. Phys.",
   volume = 49,
   pages = "443--457",
   year = 1983
   }

@TECHREPORT{Ernst,
   author = "O. Ernst and G. Golub",
   title = "A domain decomposition approach to solving the {H}elmholtz
		equation with a radiation boundary condition",
   number = "NA-92-08",
   school = "Stanford University, Computer Science Department",
   year = "August 1992"
   }

@TECHREPORT{Fujitsu,
   organization = "Fujitsu",
   title = "FACOM OS IV SSL II USER'S GUIDE, 99SP0050E5",
   year = 1990
   }

@ARTICLE{Gold3,
   author = "C. I. Goldstein",
   title = "Multigrid methods for elliptic problems in unbounded domains",
   journal = "SIAM J. Numer. Anal.",
   volume = 30,
   pages = "159--183",
   year = 1993
   }

@BOOK{Hale,
   author = "J. K. Hale",
   title = "Theory of functional--differential equations",
   publisher = "Springer--Verlag, Berlin--Heidelberg--New York",
   year = 1977
   }

@INBOOK{Swa82,
   author = "P. N. Swarztrauber",
   title = "Vectorizing the {FFTs}",
   editor = "G.~Rodrigue",
   booktitle = "Parallel Computations",
   publisher = "Academic Press, New York",
   year = 1982
   }

@PHDTHESIS{Ta,
   author = "S. Ta'asan",
   title = "Multigrid Methods for Highly Oscillatory Problems",
   school = "Weizmann Institute of Science, Rehovot, Israel",
   year = "1984"
   }
